<?xml version="1.0" encoding="UTF-8"?><collection xmlns="http://www.loc.gov/MARC21/slim"><record><leader>00504nam--2200169-i-4500</leader><controlfield tag="001">000034901</controlfield><controlfield tag="002">20161230</controlfield><controlfield tag="005">20161230201040</controlfield><controlfield tag="008">060222s1000------------r-----000-0-eng-d</controlfield><datafield ind1=" " ind2=" " tag="040"><subfield code="a">IFIN-HH</subfield></datafield><datafield ind1=" " ind2=" " tag="080"><subfield code="a">517.3</subfield></datafield><datafield ind1="1" ind2=" " tag="100"><subfield code="a">Vekua,I</subfield></datafield><datafield ind1="1" ind2="0" tag="245"><subfield code="a">North-holland series in applied mathematics and mechanics. vol. 1. new methods for solving elliptic equations</subfield><subfield code="c">I.n. vekua</subfield></datafield><datafield ind1=" " ind2=" " tag="260"><subfield code="a">Amsterdam</subfield><subfield code="b">North-holland Publ.Co</subfield><subfield code="c">1970</subfield></datafield><datafield ind1=" " ind2=" " tag="300"><subfield code="a">XII+358P</subfield></datafield><datafield ind1=" " ind2=" " tag="852"><subfield code="a">35889</subfield><subfield code="c">53.02</subfield></datafield><datafield ind1=" " ind2=" " tag="CAT"><subfield code="a">Sys</subfield><subfield code="c">20151021</subfield><subfield code="h">104359</subfield></datafield></record></collection>